@online{europa,
	year={2017},
	month={02/11/},
	title={{EUROPA - Asetukset, direktiivit ja muut säädökset | Euroopan Unioni}},
	volume={2017},
	number={02/11/},
	note={\newline\url{https://europa.eu/european-union/eu-law/legal-acts_fi}}
}
@article{rikke,
	author={Rikke Frank Jørgensen and Tariq Desai},
	year={2017},
	title={Right to Privacy Meets Online Platforms: Exploring Privacy Complaints against Facebook and Google},
	journal={Nordic Journal of Human Rights},
	volume={35},
	number={2},
	pages={106-126},
	note={doi: 10.1080/18918131.2017.1314110},
	isbn={1891-8131},
	url={http://dx.doi.org/10.1080/18918131.2017.1314110},
	doi={10.1080/18918131.2017.1314110}
}
@article{tikkinen,
	author={Christina Tikkinen-Piri and Anna Rohunen and Jouni Markkula},
	title={EU General Data Protection Regulation: Changes and implications for personal data collecting companies},
	journal={Computer Law \& Security Review},
	isbn={0267-3649},
	url={https://www.sciencedirect.com/science/article/pii/S0267364917301966},
	doi={//doi.org/10.1016/j.clsr.2017.05.015}
}
@article{barb,
	author = 	 {Barbara Van der Auwermeulen},
	year = 	 {2017},
	title = 	 {How to attribute the right to data portability in Europe: A comparative analysis of legislations},
	journal = 	 {Computer Law \& Security Review},
	volume = 	 {33},
	number = 	 {1},
	pages = 	 {57-72},
	note = 	 {ID: 271884},
	isbn = 	 {0267-3649},
	url = 	 {http://www.sciencedirect.com/science/article/pii/S0267364916302175},
	doi={//doi.org/10.1016/j.clsr.2016.11.012}
}

@article{eu2016,
  title={{Euroopan parlamentin ja neuvoston asetus {EU} 2016/679 luonnollisten henkilöiden suojelusta henkilötietojen käisttelyssä sekä näiden tietojen vapaasta liikkuvuudesta ja direktiivin 95/46/EY kumoamisesta (yleinen tietosuoja-asetus)}},
  year={2016},
  note={\newline\url{http://eur-lex.europa.eu/legal-content/FI/TXT/PDF/?uri=CELEX:32016R0679&from=FI}},
}

@article{eu95,
  title={{Euroopan parlamentin ja neuvoston direktiivi 95/46/EY annettu 24 päivänä lokakuuta 1995, yksilöiden suojelusta henkilötietojen käsittelyssä ja näiden tietojen vapaasta liikkuvuudesta}},
  year={1995},
  note={\newline\url{http://eur-lex.europa.eu/legal-content/FI/TXT/PDF/?uri=CELEX:31995L0046&from=fi}},
}

@article{eu2002,
  title={{Euroopan parlamentin ja neuvoston direktiivi 2002/58/EY, annettu 12 päivänä heinäkuuta 2002, henkilötietojen käsittelystä ja yksityisyyden suojasta sähköisen viestinnän alalla (sähköisen viestinnän
tietosuojadirektiivi)}},
  year={2002},
  note={\newline\url{http://eur-lex.europa.eu/legal-content/FI/TXT/PDF/?uri=CELEX:32002L0058&from=FI}},
}

@article{privacy,
  title={{Komission täytäntöönpanopäätös (EU) 2016/1250, annettu 12 päivänä heinäkuuta 2016, Euroopan parlamentin ja neuvoston direktiivin 95/46/EY nojalla EU:n ja Yhdysvaltojen välisen Privacy Shield -järjestelyn tarjoaman tietosuojan tason riittävyydestä}},
  year={2016},
  note={\newline\url{http://eur-lex.europa.eu/legal-content/FI/TXT/PDF/?uri=CELEX:32016D1250&from=FI}},
}

@article{safeharbor,
  title={{2000/520/EY: Komission päätös, tehty 26 päivänä heinäkuuta 2000, Euroopan parlamentin ja neuvoston direktiivin 95/46/EY mukaisesti yksityisyyden suojaa koskevien safe harbor -periaatteiden antaman suojan riittävyydestä ja niihin liittyvistä Yhdysvaltojen kauppaministeriön julkaisemista tavallisimmista kysymyksistä}},
  year={2000},
  note={\newline\url{http://eur-lex.europa.eu/legal-content/FI/TXT/PDF/?uri=CELEX:32000D0520&from=FI}},
}

@article{dimond,
	title = "The evaluation of information systems: a protocol for assembling information auditing packages",
	journal = "International Journal of Information Management",
	volume = "16",
	number = "5",
	pages = {353-368},
	year = "1996",
	issn = "0268-4012",
	doi = "https://doi.org/10.1016/0268-4012(96)00022-9",
	url = "http://www.sciencedirect.com/science/article/pii/0268401296000229",
	author = "G. Dimond"
}

@article{aditya,
  author={B R Aditya and R Hartanto and L E Nugroho},
  title={The Role of IT Audit in the Era of Digital Transformation},
  journal={IOP Conference Series: Materials Science and Engineering},
  volume={407},
  number={1},
  pages={012164},
  url={http://stacks.iop.org/1757-899X/407/i=1/a=012164},
  year={2018}
}

@article{felley,
  author={Gabriel Felley and Rolf Dornberger},
  title={How to Efficiently Conduct and IT audit - in the Perspective of Research, Consulting and Teaching},
  journal={Proceedings of The 10th International Multi-Conference on Society, Cybernetics and Informatics (IMSCI 2016)},
  pages={29-33},
  url={http://www.iiis.org/CDs2016/CD2016Summer/papers/HA878VW.pdf},
  year={2016}
}

@article{frost,
title = "Revisiting the information audit: A systematic literature review and synthesis",
journal = "International Journal of Information Management",
volume = "37",
number = "1, Part A",
pages = "1380 - 1390",
year = "2017",
issn = "0268-4012",
doi = "https://doi.org/10.1016/j.ijinfomgt.2016.10.001",
url = "http://www.sciencedirect.com/science/article/pii/S0268401216303243",
author = "Robert B. Frost and Chun Wei Choo"
}
